<?xml version="1.0" encoding="UTF-8"?><collection xmlns="http://www.loc.gov/MARC21/slim"><record><leader>00503nam--2200169-i-4500</leader><controlfield tag="001">000046835</controlfield><controlfield tag="002">20161230</controlfield><controlfield tag="005">20161230201046</controlfield><controlfield tag="008">060222s1000------------r-----000-0-eng-d</controlfield><datafield ind1=" " ind2=" " tag="040"><subfield code="a">IFIN-HH</subfield></datafield><datafield ind1=" " ind2=" " tag="080"><subfield code="a">62(038)=002=20=30:802.0</subfield></datafield><datafield ind1="1" ind2=" " tag="100"><subfield code="a">Walther, Rudolf</subfield></datafield><datafield ind1="1" ind2="0" tag="245"><subfield code="a">Technisches englisch zerspanende werkzeugmaschinen. hobeln-raumen-frasen. englisch/deutsch</subfield><subfield code="c">Rudolf walther</subfield></datafield><datafield ind1=" " ind2=" " tag="260"><subfield code="a">Berlin</subfield><subfield code="b">Veb Verlag Technik</subfield><subfield code="c">1959</subfield></datafield><datafield ind1=" " ind2=" " tag="300"><subfield code="a">371P</subfield></datafield><datafield ind1=" " ind2=" " tag="852"><subfield code="a">D.178</subfield><subfield code="c">SLT</subfield></datafield><datafield ind1=" " ind2=" " tag="CAT"><subfield code="a">Sys</subfield><subfield code="c">20130218</subfield><subfield code="h">171906</subfield></datafield></record></collection>